
@book{RudinKEY,
  title={Principles of Mathematical Analysis},
  author={Rudin, Walter},
  year={1964},
  publisher={McGraw-Hill, Inc.}
}
@book{WunschKEY,
  title={Variable compleja con aplicaciones},
  author={A. David Wunsch},
  year={1999},
  publisher={Addison Wesley}
}
@article{font2010modelo,
  title={Modelo para el an{\'a}lisis did{\'a}ctico en educaci{\'o}n matem{\'a}tica},
  author={Font, Vicen{\c{c}} and Planas, N{\'u}ria and Godino, Juan D},
  journal={Journal for the Study of Education and Development},
  volume={33},
  number={1},
  pages={89 --105},
  year={2010},
  publisher={SAGE Publications Sage UK: London, England}
}
@article{apostol1976analisis,
  title={An{\'a}lisis Matem{\'a}tico, 2a},
  author={Apostol, Tom M},
  journal={Edici{\'o}n, Editorial Revert{\'e}, Espa{\~n}a},
  volume={518},
  year={1976}
}
@misc{meijer2013apacite,
  title={The apacite package},
  author={Meijer, Erik},
  year={2013},
  publisher={Citeseer}
}


%%%%%%%%%%------------------
@article{reaz2006emg,
  title        = {Techniques of EMG signal analysis: detection, processing, classification and applications},
  author       = {Reaz, M. B. I. and Hussain, M. S. and Mohd-Yasin, F.},
  journal      = {Biological Procedures Online},
  volume       = {8},
  number       = {1},
  pages        = {11--35},
  year         = {2006},
  doi          = {10.1251/bpo115},
  url          = {https://www.biologicalproceduresonline.com/articles/10.1251/bpo115},
  note         = {Open Access},
}


@article{reaz2006emg,
  title        = {Techniques of EMG signal analysis: detection, processing, classification and applications},
  author       = {Reaz, M. B. I. and Hussain, M. S. and Mohd-Yasin, F.},
  journal      = {Biological Procedures Online},
  volume       = {8},
  number       = {1},
  pages        = {11--35},
  year         = {2006},
  doi          = {10.1251/bpo115},
  url          = {https://doi.org/10.1251/bpo115},
  note         = {Open Access}
}

@article{farfan2010evaluation,
  title        = {Evaluation of EMG processing techniques using Information Theory},
  author       = {Farfán, F. D. and Politti, J. C. and Felice, C. J.},
  journal      = {BioMedical Engineering OnLine},
  volume       = {9},
  pages        = {72},
  year         = {2010},
  doi          = {10.1186/1475-925X-9-72},
  url          = {https://doi.org/10.1186/1475-925X-9-72},
  note         = {Open Access}
}

@article{lim2022review,
  title        = {A Review on EMG Signal Classification and Applications},
  author       = {Wan Ting, Evon Lim and Almon, Chai and Phei Chin, Lim},
  journal      = {International Journal of Signal Processing Systems},
  volume       = {10},
  number       = {1},
  pages        = {1--6},
  year         = {2022},
  note         = {Institutional repository}
}

@article{castruita2025embedded,
  title        = {Electromyography Signals in Embedded Systems: A Review of Processing and Classification Techniques},
  author       = {José Félix Castruita-López and Marcos Aviles and Diana C. Toledo-Pérez and Idalberto Macías-Socarrás and Juvenal Rodríguez-Reséndiz},
  journal      = {Biomimetics},
  volume       = {10},
  number       = {3},
  pages        = {166},
  year         = {2025},
  doi          = {10.3390/biomimetics10030166},
  url          = {https://doi.org/10.3390/biomimetics10030166},
  note         = {Open Access}
}
