
@book{RudinKEY,
  title={Principles of Mathematical Analysis},
  author={Rudin, Walter},
  year={1964},
  publisher={McGraw-Hill, Inc.}
}
@book{WunschKEY,
  title={Variable compleja con aplicaciones},
  author={A. David Wunsch},
  year={1999},
  publisher={Addison Wesley}
}
@article{font2010modelo,
  title={Modelo para el an{\'a}lisis did{\'a}ctico en educaci{\'o}n matem{\'a}tica},
  author={Font, Vicen{\c{c}} and Planas, N{\'u}ria and Godino, Juan D},
  journal={Journal for the Study of Education and Development},
  volume={33},
  number={1},
  pages={89 --105},
  year={2010},
  publisher={SAGE Publications Sage UK: London, England}
}
@article{apostol1976analisis,
  title={An{\'a}lisis Matem{\'a}tico, 2a},
  author={Apostol, Tom M},
  journal={Edici{\'o}n, Editorial Revert{\'e}, Espa{\~n}a},
  volume={518},
  year={1976}
}
@misc{meijer2013apacite,
  title={The apacite package},
  author={Meijer, Erik},
  year={2013},
  publisher={Citeseer}
}
